% Encoding: UTF-8
@article{liang2022sparse,
  title={Sparse optimization for nonlinear group delay mode estimation},
  author={Liang, Hao and Ding, Xinghao and Jakobsson, Andreas and Tu, Xiaotong and Huang, Yue},
  journal={The Journal of the Acoustical Society of America},
  volume={152},
  number={4},
  pages={2187--2203},
  year={2022},
  publisher={Acoustical Society of America}
}@inproceedings{liang2022adaptive,
  title={Adaptive Variational Nonlinear Chirp Mode Decomposition},
  author={Liang, Hao and Ding, Xinghao and Jakobsson, Andreas and Tu, Xiaotong and Huang, Yue},
  booktitle={ICASSP 2022-2022 IEEE International Conference on Acoustics, Speech and Signal Processing (ICASSP)},
  pages={5632--5636},
  year={2022},
  organization={IEEE}
}
@Comment{jabref-meta: databaseType:bibtex;}